<record><leader>00000cas a22000007a 4500</leader><controlfield tag="001">12733265</controlfield><controlfield tag="008">851029d189u1904inuwr ne      0    0eng d</controlfield><datafield ind1=" " ind2=" " tag="010"><subfield code="a">sn 85048193 </subfield></datafield><datafield ind1=" " ind2=" " tag="040"><subfield code="a">NPI</subfield><subfield code="b">eng</subfield><subfield code="c">NPI</subfield><subfield code="d">OCLCQ</subfield></datafield><datafield ind1=" " ind2=" " tag="042"><subfield code="a">msc</subfield></datafield><datafield ind1="0" ind2=" " tag="130"><subfield code="a">Friday Republican (Shelbyville, Ind.)</subfield></datafield><datafield ind1="1" ind2="4" tag="245"><subfield code="a">The Friday Republican.</subfield></datafield><datafield ind1=" " ind2=" " tag="260"><subfield code="a">Shelbyville, Ind. :</subfield><subfield code="b">Shelby Print. Co.,</subfield><subfield code="c">-1904.</subfield></datafield><datafield ind1=" " ind2=" " tag="300"><subfield code="a">v. :</subfield><subfield code="b">ill. ;</subfield><subfield code="c">50 cm.</subfield></datafield><datafield ind1=" " ind2=" " tag="310"><subfield code="a">Weekly</subfield></datafield><datafield ind1="0" ind2=" " tag="362"><subfield code="a">-Jan. 1, 1904.</subfield></datafield><datafield ind1=" " ind2=" " tag="580"><subfield code="a">Previously called "The Shelby twice-a-week Republican," publication changed to two weekly companion editions: "The Tuesday Republican" and "The Friday Republican." Publication of these "twin" titles was continued by "The Shelby Republican" which had Tuesday and Friday editions.</subfield></datafield><datafield ind1=" " ind2=" " tag="588"><subfield code="a">Description based on: Jan. 12, 1900.</subfield></datafield><datafield ind1=" " ind2=" " tag="752"><subfield code="a">United States</subfield><subfield code="b">Indiana</subfield><subfield code="c">Shelby</subfield><subfield code="d">Shelbyville.</subfield></datafield><datafield ind1="1" ind2=" " tag="775"><subfield code="t">Tuesday Republican (Shelbyville, Ind.)</subfield><subfield code="w">(DLC)sn 85048150</subfield></datafield><datafield ind1="1" ind2="1" tag="780"><subfield code="t">Shelby twice-a-week Republican</subfield><subfield code="w">(DLC)sn 85047817</subfield></datafield><datafield ind1="1" ind2="0" tag="785"><subfield code="t">Shelby Republican (Shelbyville, Ind. : 1904)</subfield><subfield code="w">(DLC)sn 85048156</subfield></datafield><datafield ind1="1" ind2=" " tag="029"><subfield code="a">AU@</subfield><subfield code="b">000025653709</subfield></datafield></record>